@article{StoneBull:2003,
   author = {C. Stone and L. Bull},
   title = {For Real! XCS with Continuous-Valued Inputs},
   year = 2003,
   journal = {Evolutionary Computation}
}

@article{AndrewsGeva:2000,
 author = {Robert Andrews and Shlomo Geva},
 title = {Rule Extraction from Local Cluster Neural Nets},
 year = {2000},
 journal = {Neurocomputing},
 url = "http://sky.fit.qut.edu.au/~andrewsr/papers/Neuro2000.ps",
}

@book{BoxJenkins:1976,
 author = {George Edward Pelham Box and Gwilym M. Jenkins},
 title = {Time Series Analysis: Forecasting and Control},
 year = {1976},
 publisher = {Holden-Day}
}

@book{BoxJenkins:1994,
 author = {George Edward Pelham Box and Gwilym M. Jenkins},
 title = {Time Series Analysis: Forecasting and Control},
 year = {1994},
 isbn = {0130607746},
 publisher = {Prentice Hall PTR},
 address = {Upper Saddle River, NJ, USA},
}

@Book{SuttonBarto:1998a,
	author=	"Richard S. Sutton and Andrew G. Barto",
	title =	"Reinforcement Learning",
	publisher = "The {MIT} Press",
	year = "1998",
	address = "Cambridge, Massachusetts"
}

@book{EibenSmith,
  author="A. E. Eiben and J. E. Smith",
  title="Introduction to Evolutionary Computing",
  publisher="Springer-Verlag",
  year=2003,
  isbn="3-540-40184-9"}

@book{Graham,
  author="Paul Graham",
  title="ANSI Common Lisp",
  publisher="Prentice Hall",
  year=1996,
  isbn="0-13-370875-6",
  lccn="QA76.73.C28G69"}

@inproceedings{KaufmanShimony1986,
author = {Arie Kaufman and Eyal Shimony},
title = {3D scan-conversion algorithms for voxel-based graphics},
booktitle = {SI3D '86: Proceedings of the 1986 workshop on Interactive 3D graphics},
year = {1987},
isbn = {0-89791-228-4},
pages = {45--75},
location = {Chapel Hill, North Carolina, United States},
doi = {http://doi.acm.org/10.1145/319120.319126},
publisher = {ACM Press},
address = {New York, NY, USA}}

@inproceedings{SchulenburgRoss:1996:LNAI,
  crossref="LNAI1996",
  author="Sonia Schulenburg and Peter Ross",
  title="Strength and Money: An LCS Approach to Increasing Returns",
  pages="114 -- 137"}

@Misc{SchulenburgRoss:2002:LETS,
  title =	"A Learning Evolutionary Trading System",
  author =	"Sonia Schulenburg and Peter Ross",
  year = 	"2002",
  month =	may # "~29",
  citeseer-references = "oai:CiteSeerPSU:324142; oai:CiteSeerPSU:325171;
		 oai:CiteSeerPSU:645806; oai:CiteSeerPSU:694936;
		 oai:CiteSeerPSU:469631; oai:CiteSeerPSU:673677",
  annote =	"Sonia Schulenburg (c/o Evolutionary Computation
		 Research Group; School of Computing,; Napier
		 University; 10 Colinton Road); Peter Ross (c/o
		 Evolutionary Computation Research Group; School of
		 Computing,; Napier University; 10 Colinton Road);",
  bibsource =	"OAI-PMH server at cs1.ist.psu.edu",
  description =  "this paper we only use one type, which comprises most
		 of the information the other three had, and 1,000
		 traders of this type",
  language =	"en",
  oai =  	"oai:CiteSeerPSU:650272",
  rights =	"unrestricted",
  URL =  	"http://citeseer.ist.psu.edu/650272.html;
		 http://www.dcs.napier.ac.uk/~sonias/fin.ps",
}

@article{WilsonZCS,
  author="Stewart W. Wilson",
  title="{ZCS}: A Zeroth Level Classifier System",
  journal="Evolutionary Computation",
  publisher="The MIT Press",
  volume=2,
  number=1,
  pages="1 -- 18",
  year=1994}

@article{Wilson1995XCS,
  author="Stewart W. Wilson",
  title="Classifier Fitness Based On Accuracy",
  journal="Evolutionary Computation",
  publisher="The MIT Press",
  volume=3,
  number=2,
  pages="149 -- 175",
  year=1995}

@InProceedings{Wilson:2001:GECCO,
  title =	"Function Approximation with a Classifier System",
  author =	"Stewart W. Wilson",
  pages =	"974--981",
  URL =  	"http://www.cs.bham.ac.uk/~wbl/biblio/gecco2001/d09.pdf",
  year = 	"2001",
  publisher =	"Morgan Kaufmann",
  booktitle =	"Proceedings of the Genetic and Evolutionary
		 Computation Conference (GECCO-2001)",
  editor =	"Lee Spector and Erik D. Goodman and Annie Wu and W. B.
		 Langdon and Hans-Michael Voigt and Mitsuo Gen and
		 Sandip Sen and Marco Dorigo and Shahram Pezeshk and Max
		 H. Garzon and Edmund Burke",
  address =	"San Francisco, California, USA",
  publisher_address = "San Francisco, CA 94104, USA",
  month =	"7-11 " # jul,
  keywords =	"classifier systems, function approximation, XCS,
		 weight vector, generalized classifier",
  ISBN = 	"1-55860-774-9",
  notes =	"A joint meeting of the tenth International Conference
		 on Genetic Algorithms (ICGA-2001) and the sixth Annual
		 Genetic Programming Conference (GP-2001) Part of
		 spector:2001:GECCO",
}

@InProceedings{LLWG:2005:GECCO,
  author =	"Pier Luca Lanzi and Daniele Loiacono and Stewart W.
		 Wilson and David E. Goldberg",
  title =	"{XCS} with computed prediction in multistep
		 environments",
  booktitle =	"{GECCO 2005}: Proceedings of the 2005 conference on
		 Genetic and evolutionary computation",
  year = 	"2005",
  editor =	"Hans-Georg Beyer and Una-May O'Reilly and Dirk V.
		 Arnold and Wolfgang Banzhaf and Christian Blum and Eric
		 W. Bonabeau and Erick Cantu-Paz and Dipankar Dasgupta
		 and Kalyanmoy Deb and James A. Foster and Edwin D. {de
		 Jong} and Hod Lipson and Xavier Llora and Spiros
		 Mancoridis and Martin Pelikan and Guenther R. Raidl and
		 Terence Soule and Andy M. Tyrrell and Jean-Paul Watson
		 and Eckart Zitzler",
  volume =	"2",
  ISBN = 	"1-59593-010-8",
  pages =	"1859--1866",
  address =	"Washington DC, USA",
  URL =  	"http://www.cs.bham.ac.uk/~wbl/biblio/gecco2005/docs/p1859.pdf",
  URL =  	"http://doi.acm.org/10.1145/1068009.1068323",
  publisher =	"ACM Press",
  publisher_address = "New York, NY, 10286-1405, USA",
  month =	"25-29 " # jun,
  organisation = "ACM SIGEVO (formerly ISGEC)",
  keywords =	"Learning Classifier Systems, Genetics-Based Machine
		 Learning, generalisation, LCS, performance, RL, XCS",
  notes =	"GECCO-2005 A joint meeting of the fourteenth
		 international conference on genetic algorithms
		 (ICGA-2005) and the tenth annual genetic programming
		 conference (GP-2005). ACM Order Number 910052",
}

@Misc{BoyanMoore:2004,
  title =	"Generalization in Reinforcement Learning: Safely
		 Approximating the Value Function",
  author =	"Justin A. Boyan and Andrew W. Moore",
  year = 	"2004",
  month =	apr # "~25",
  abstract =	"To appear in: G. Tesauro, D. S. Touretzky and T. K.
		 Leen, eds., Advances in Neural Information Processing
		 Systems 7, MIT Press, Cambridge MA, 1995. A
		 straightforward approach to the curse of dimensionality
		 in reinforcement learning and dynamic programming is to
		 replace the lookup table with a generalizing function
		 approximator such as a neural net. Although this has
		 been successful in the domain of backgammon, there is
		 no guarantee of convergence. In this paper, we show
		 that the combination of dynamic programming and
		 function approximation is not robust, and in even very
		 benign cases, may produce an entirely wrong policy. We
		 then introduce Grow-Support, a new algorithm which is
		 safe from divergence yet can still reap the benefits of
		 successful generalization.",
  annote =	"Justin A. Boyan (Computer Science Department; Carnegie
		 Mellon University; Pittsburgh , PA 15213); Andrew W.
		 Moore (Computer Science Department; Carnegie Mellon
		 University; Pittsburgh , PA 15213);",
  bibsource =	"OAI-PMH server at cs1.ist.psu.edu",
  language =	"en",
  oai =  	"oai:CiteSeerPSU:669595",
  rights =	"unrestricted",
  URL =  	"http://citeseer.ist.psu.edu/669595.html;
		 http://www.autonlab.org/autonweb/documents/papers/byn:gnrl.ps",
}

@InProceedings{PerkinsPrecup:2002,
  title =	"A Convergent Form of Approximate Policy Iteration",
  author =	"Theodore J. Perkins and Doina Precup",
  publisher =	"MIT Press",
  year = 	"2002",
  bibdate =	"2004-10-12",
  bibsource =	"DBLP,
		 http://dblp.uni-trier.de/db/conf/nips/nips2002.html#PerkinsP02",
  booktitle =	"NIPS",
  editor =	"Suzanna Becker and Sebastian Thrun and Klaus
		 Obermayer",
  ISBN = 	"0-262-02550-7",
  pages =	"1595--1602",
  URL =  	"http://books.nips.cc/papers/files/nips15/CN11.pdf",
}

@inproceedings{SaxonBerry,
  crossref="LNAI1813",
  author="Shaun Saxon and Alwyn Barry",
  title="{XCS} and the Monk's Problems",
  pages="223 -- 242"}

@inproceedings{WilsonXCSR,
  crossref="LNAI1813",
  author="Stewart W. Wilson",
  title="Get Real!  {XCS} with Continuous-Valued Inputs",
  pages="209 -- 219"}

@inproceedings{ButzWilson,
  crossref="LNAI1996",
  author="Martin V. Butz and Stewart W. Wilson",
  title="An Algorithmic Description of {XCS}",
  pages="253 -- 272"}

@proceedings{LNAI1813,
  editor="Pier Luca Lanzi and Wolfgang Stolzmann and Stewart W. Wilson",
  series="Lecture Notes in Artificial Intelligence (LNAI)",
  volume=1813,
  title="Learning Classifier Systems: From Foundations to Applications",
  booktitle="Learning Classifier Systems: From Foundations to Applications",
  publisher="Springer-Verlag",
  year=2000}

@proceedings{LNAI1996,
  editor="Pier Luca Lanzi and Wolfgang Stolzmann and Stewart W. Wilson",
  series="Lecture Notes in Artificial Intelligence (LNAI)",
  volume=1996,
  title="Advances in Learning Classifier Systems",
  booktitle="Advances in Learning Classifier Systems",
  publisher="Springer-Verlag",
  year=2001}

@book{Vazirani,
  author="Vijay V. Vazirani",
  title="Approximation Algorithms",
  publisher="Springer-Verlag",
  year=2003}

@book{Berge,
  author="Claude Berge",
  title="Graphs and Hypergraphs",
  publisher="North-Holland Publishing Company",
  year=1973}

@Book{HollandGA,
  author =      "John H. Holland",
  title =       "Adaptation in Natural and Artificial Systems.",
  publisher =   "University of Michigan Press",
  year =        "1975",
  keywords =    "GA, genetic algorithms",
  abstract =    "Describes the basic algorithms and gives examples.
                 [Note: last time I (kurt@Think.COM) checked the
                 University of Michigan Press still had copies in stock
                 for approximately \$15. Their Phone Number is (313)
                 764-4394).]"
}

@InCollection{HollandLCS,
  author =      "John H. Holland and J. S. Reitman",
  title =       "Cognitive Systems based on adaptive algorithms",
  booktitle =   "Pattern directed inference systems",
  editor =      "D. A. Waterman and F. Hayes-Roth",
  pages =       "313--329",
  publisher =   "Academic Press",
  address =     "New York, NY",
  year =        1978}

@book{HK:2000:ANN,
  author = {Fredic M. Ham and Ivica Kostanic},
  title = {Principles of Neurocomputing for Science and Engineering},
  year = {2000},
  isbn = {0070259666},
  publisher = {McGraw-Hill Higher Education},
}

@inproceedings{SC:2002:NNGA,
 author = {Andrew Skabar and Ian Cloete},
 title = {Neural networks, financial trading, and the efficient markets hypothesis},
 booktitle = {ACSC '02: Proceedings of the twenty-fifth Australasian conference on Computer science},
 year = {2002},
 isbn = {0-909925-82-8},
 pages = {241--249},
 location = {Melbourne, Victoria, Australia},
 publisher = {Australian Computer Society, Inc.},
 address = {Darlinghurst, Australia, Australia},
}

@inproceedings{WuLu:1993:CSC93,
 author = {Shaun-Inn Wu and Ruey-Pyng Lu},
 title = {Combining artificial neural networks and statistics for stock-market forecasting},
 booktitle = {CSC '93: Proceedings of the 1993 ACM conference on Computer science},
 year = {1993},
 isbn = {0-89791-558-5},
 pages = {257--264},
 location = {Indianapolis, Indiana, United States},
 doi = {http://doi.acm.org/10.1145/170791.170838},
 publisher = {ACM Press},
 address = {New York, NY, USA},
}

@inproceedings{KCM:2005:GECCO2005,
 author = {Yung-Keun Kwon and Sung-Soon Choi and Byung-Ro Moon},
 title = {Stock prediction based on financial correlation},
 booktitle = {GECCO '05: Proceedings of the 2005 conference on Genetic and evolutionary computation},
 year = {2005},
 isbn = {1-59593-010-8},
 pages = {2061--2066},
 location = {Washington DC, USA},
 doi = {http://doi.acm.org/10.1145/1068009.1068351},
 publisher = {ACM Press},
 address = {New York, NY, USA},
}

@inproceedings{KR:1994:NNAPL,
 author = {Thomas Kolarik and Gottfried Rudorfer},
 title = {Time series forecasting using neural networks},
 booktitle = {APL '94: Proceedings of the international conference on APL : the language and its applications},
 year = {1994},
 isbn = {0-89791-675-1},
 pages = {86--94},
 location = {Antwerp, Belgium},
 doi = {http://doi.acm.org/10.1145/190271.190290},
 publisher = {ACM Press},
 address = {New York, NY, USA},
}

@inproceedings{FGLG:2006:GECCO,
 author = {David de~la~Fuente and Alejandro Garrido and Jaime Laviada and Alberto G\'omez},
 title = {Genetic algorithms to optimise the time to make stock market investment},
 booktitle = {GECCO '06: Proceedings of the 8th annual conference on Genetic and evolutionary computation},
 year = {2006},
 isbn = {1-59593-186-4},
 pages = {1857--1858},
 location = {Seattle, Washington, USA},
 doi = {http://doi.acm.org/10.1145/1143997.1144298},
 publisher = {ACM Press},
 address = {New York, NY, USA},
}

@inproceedings{Belford:2006:GECCO,
 author = {Peter Belford},
 title = {Candlestick stock analysis with genetic algorithms},
 booktitle = {GECCO '06: Proceedings of the 8th annual conference on Genetic and evolutionary computation},
 year = {2006},
 isbn = {1-59593-186-4},
 pages = {1851--1852},
 location = {Seattle, Washington, USA},
 doi = {http://doi.acm.org/10.1145/1143997.1144295},
 publisher = {ACM Press},
 address = {New York, NY, USA},
}

@article{Kaboudan:2000:CompEcon,
 author = {M. A. Kaboudan},
 title = {Genetic Programming Prediction of Stock Prices},
 journal = {Comput. Econ.},
 volume = {16},
 number = {3},
 year = {2000},
 issn = {0927-7099},
 pages = {207--236},
 doi = {http://dx.doi.org/10.1023/A:1008768404046},
 publisher = {Kluwer Academic Publishers},
 address = {Hingham, MA, USA},
}

@article{WHD:2002:AIReview,
 author = {Hakman A. Wan and Andrew Hunter and Peter Dunne},
 title = {Autonomous Agent Models of Stock Markets},
 journal = {Artif. Intell. Rev.},
 volume = {17},
 number = {2},
 year = {2002},
 issn = {0269-2821},
 pages = {87--128},
 doi = {http://dx.doi.org/10.1023/A:1014500409896},
 publisher = {Kluwer Academic Publishers},
 address = {Norwell, MA, USA},
}
