@ARTICLE{Whitley1996EvaluatingEvolutionaryAlgorithms,
    author = {D. Whitley and K. Mathias and S. Rana and J. Dzubera},
    title = {Evaluating Evolutionary Algorithms},
    journal = {Artificial Intelligence},
    year = {1996},
    volume = {85},
    pages = {245--276}
}

@INPROCEEDINGS{Vrajitoru2002SimulatingGender,
    author = {Dana Vrajitoru},
    title = {Simulating Gender Separation with Genetic Algorithms},
    booktitle = {Proceedings of the Genetic and Evolutionary Compuatation Conference (GECCO 2002)},
    year = {2002},
    pages = {634--641},
    publisher = {Morgan Kaufmann Publishers}
}
